@Inbook{1,
author="Dao, Nhat-Quang
and Le-Dang, Quang
and Morawski, Robert
and Dang, Anh-Tuan
and Le-Ngoc, Tho",
editor="Maheswaran, Muthucumaru
and Badidi, Elarbi",
title="Management of Video Surveillance for Smart Cities",
bookTitle="Handbook of Smart Cities: Software Services and Cyber Infrastructure",
year="2018",
publisher="Springer International Publishing",
address="Cham",
pages="285--310",
isbn="978-3-319-97271-8",
doi="10.1007/978-3-319-97271-8_11",
url="https://doi.org/10.1007/978-3-319-97271-8_11"
}

@INPROCEEDINGS{2,
  author={S. {Durga} and S. {Surya} and E. {Daniel}},
  booktitle={2018 2nd International Conference on Trends in Electronics and Informatics (ICOEI)}, 
  title={SmartMobiCam: Towards a New Paradigm for Leveraging Smartphone Cameras and IaaS Cloud for Smart City Video Surveillance}, 
  year={2018},
  volume={},
  number={},
  pages={1035-1038},
  doi={10.1109/ICOEI.2018.8553974}}

  @InProceedings{3,
author="Medvedev, Alexey
and Fedchenkov, Petr
and Zaslavsky, Arkady
and Anagnostopoulos, Theodoros
and Khoruzhnikov, Sergey",
editor="Balandin, Sergey
and Andreev, Sergey
and Koucheryavy, Yevgeni",
title="Waste Management as an IoT-Enabled Service in Smart Cities",
booktitle="Internet of Things, Smart Spaces, and Next Generation Networks and Systems",
year="2015",
publisher="Springer International Publishing",
address="Cham",
pages="104--115",

}
  
  
