@article{sultana2019iot,
  title={IoT-Guard: Event-Driven Fog-Based Video Surveillance System for Real-Time Security Management},
  author={Sultana, Tanin and Wahid, Khan A},
  journal={IEEE Access},
  volume={7},
  pages={134881--134894},
  year={2019},
  publisher={IEEE}
}

@article{sun2019vu,
  title={VU: Edge Computing-Enabled Video Usefulness Detection and its Application in Large-Scale Video Surveillance Systems},
  author={Sun, Hui and Shi, Weisong and Liang, Xu and Yu, Ying},
  journal={IEEE Internet of Things Journal},
  volume={7},
  number={2},
  pages={800--817},
  year={2019},
  publisher={IEEE}
}
