@inproceedings{hooks1994writing,
  title={Writing good requirements},
  author={Hooks, Ivy},
  booktitle={INCOSE International Symposium},
  volume={4},
  number={1},
  pages={1247--1253},
  year={1994},
  organization={Wiley Online Library}
}