@article{sun2019vu,
  title={VU: Edge Computing-Enabled Video Usefulness Detection and its Application in Large-Scale Video Surveillance Systems},
  author={Sun, Hui and Shi, Weisong and Liang, Xu and Yu, Ying},
  journal={IEEE Internet of Things Journal},
  volume={7},
  number={2},
  pages={800--817},
  year={2019},
  publisher={IEEE}
}

@ARTICLE{8409952,
  author={L. {Cui} and G. {Xie} and Y. {Qu} and L. {Gao} and Y. {Yang}},
  journal={IEEE Access}, 
  title={Security and Privacy in Smart Cities: Challenges and Opportunities}, 
  year={2018},
  volume={6},
  number={},
  pages={46134-46145},
  doi={10.1109/ACCESS.2018.2853985}}
  
  @article{hossain2014framework,
  title={Framework for a cloud-based multimedia surveillance system},
  author={Hossain, M Anwar},
  journal={International Journal of Distributed Sensor Networks},
  volume={10},
  number={5},
  pages={135257},
  year={2014},
  publisher={SAGE Publications Sage UK: London, England}
}

@article{stergiou2018secure,
  title={Secure integration of IoT and cloud computing},
  author={Stergiou, Christos and Psannis, Kostas E and Kim, Byung-Gyu and Gupta, Brij},
  journal={Future Generation Computer Systems},
  volume={78},
  pages={964--975},
  year={2018},
  publisher={Elsevier}
}

@inproceedings{wu2014computing,
  title={Computing resource minimization with content-aware workload estimation in cloud-based surveillance systems},
  author={Wu, Peng-Jung and Kao, Yung-Cheng},
  booktitle={2014 IEEE International Conference on Acoustics, Speech and Signal Processing (ICASSP)},
  pages={5017--5020},
  year={2014},
  organization={IEEE}
}

@inproceedings{bhattasali2013secure,
  title={Secure and trusted cloud of things},
  author={Bhattasali, Tapalina and Chaki, Rituparna and Chaki, Nabendu},
  booktitle={2013 Annual IEEE India Conference (INDICON)},
  pages={1--6},
  year={2013},
  organization={IEEE}
}
@article{botta2016integration,
  title={Integration of cloud computing and internet of things: a survey},
  author={Botta, Alessio and De Donato, Walter and Persico, Valerio and Pescap{\'e}, Antonio},
  journal={Future generation computer systems},
  volume={56},
  pages={684--700},
  year={2016},
  publisher={Elsevier}
}
@inproceedings{chen2016dynamic,
  title={Dynamic urban surveillance video stream processing using fog computing},
  author={Chen, Ning and Chen, Yu and You, Yang and Ling, Haibin and Liang, Pengpeng and Zimmermann, Roger},
  booktitle={2016 IEEE second international conference on multimedia big data (BigMM)},
  pages={105--112},
  year={2016},
  organization={IEEE}
}

@article{hu2017iot,
  title={IoT-driven automated object detection algorithm for urban surveillance systems in smart cities},
  author={Hu, Ling and Ni, Qiang},
  journal={IEEE Internet of Things Journal},
  volume={5},
  number={2},
  pages={747--754},
  year={2017},
  publisher={IEEE}
}
@incollection{tang2015hierarchical,
  title={A hierarchical distributed fog computing architecture for big data analysis in smart cities},
  author={Tang, Bo and Chen, Zhen and Hefferman, Gerald and Wei, Tao and He, Haibo and Yang, Qing},
  booktitle={Proceedings of the ASE BigData \& SocialInformatics 2015},
  pages={1--6},
  year={2015}
}
@article{neto2018fog,
  title={Fog-based crime-assistance in smart iot transportation system},
  author={Neto, Augusto JV and Zhao, Zhongliang and Rodrigues, Joel JPC and Camboim, Hugo Barros and Braun, Torsten},
  journal={IEEE access},
  volume={6},
  pages={11101--11111},
  year={2018},
  publisher={IEEE}
}
@article{sultana2019iot,
  title={IoT-Guard: event-driven fog-based video surveillance system for real-time security management},
  author={Sultana, Tanin and Wahid, Khan A},
  journal={IEEE Access},
  volume={7},
  pages={134881--134894},
  year={2019},
  publisher={IEEE}
}
@article{ruiyue,
title={Multiple human detection and tracking based on head detection for real-time video surveillance},
author={Ruiyue Xu & Yepeng Guan & Yizhen Huang},
journal={springer},
yeaar={2014},
publisher={springer}
}
